@article{DBLP:journals/jct/LiuYZ18,
  author    = {Qinghai Liu and
               Xingxing Yu and
               Zhao Zhang},
  title     = {Circumference of 3-connected cubic graphs},
  journal   = {J. Comb. Theory, Ser. {B}},
  volume    = {128},
  pages     = {134--159},
  year      = {2018},
  url       = {https://doi.org/10.1016/j.jctb.2017.08.008},
  doi       = {10.1016/j.jctb.2017.08.008},
  timestamp = {Mon, 22 Jan 2018 14:32:25 +0100},
  biburl    = {https://dblp.org/rec/bib/journals/jct/LiuYZ18},
  bibsource = {dblp computer science bibliography, https://dblp.org}
}



article{ravsky.verbitsky:on-arxiv,
  author    = {Alexander Ravsky and
               Oleg Verbitsky},
  title     = {On collinear sets in straight line drawings},
  journal   = {CoRR},
  volume    = {abs/0806.0253},
  year      = {2008},
  url       = {http://arxiv.org/abs/0806.0253},
  archivePrefix = {arXiv},
  eprint    = {0806.0253},
  timestamp = {Wed, 07 Jun 2017 14:40:07 +0200},
  biburl    = {https://dblp.org/rec/bib/journals/corr/abs-0806-0253},
  bibsource = {dblp computer science bibliography, https://dblp.org}
}

@inproceedings{ravsky.verbitsky:on,
  author    = {Alexander Ravsky and
               Oleg Verbitsky},
  title     = {On Collinear Sets in Straight-Line Drawings},
  booktitle = {37th International Workshop on Graph-Theoretic Concepts in Computer Science ({WG} 2011)},
  series    = {LNCS},
  volume    = {6986},
  pages     = {295--306},
  publisher = {Springer},
  year      = {2011},
  crossref  = {DBLP:conf/wg/2011},
  url       = {https://doi.org/10.1007/978-3-642-25870-1_27},
  doi       = {10.1007/978-3-642-25870-1_27}
}
@proceedings{DBLP:conf/wg/2011,
  editor    = {Petr Kolman and
               Jan Kratochv{\'{\i}}l},
  title     = {37th International Workshop on Graph-Theoretic Concepts in Computer Science ({WG} 2011)},
  series    = {LNCS},
  volume    = {6986},
  publisher = {Springer},
  year      = {2011},
  url       = {https://doi.org/10.1007/978-3-642-25870-1},
  doi       = {10.1007/978-3-642-25870-1}
}

